@ARTICLE{1960AN....285..233E,
   author = {{Eichhorn}, H.},
    title = "{{\"U}ber die Reduktion von photographischen Sternpositionen und Eigenbewegungen}",
  journal = {Astronomische Nachrichten},
     year = 1960,
    month = aug,
   volume = 285,
    pages = {233},
      doi = {10.1002/asna.19592850507},
   adsurl = {http://adsabs.harvard.edu/abs/1960AN....285..233E},
  adsnote = {Provided by the SAO/NASA Astrophysics Data System}
}

@ARTICLE{2017PASP..129g4503B,
   author = {{Bernstein}, G.~M. and {Armstrong}, R. and {Plazas}, A.~A. and 
    {Walker}, A.~R. and {Abbott}, T.~M.~C. and {Allam}, S. and {Bechtol}, K. and 
    {Benoit-L{\'e}vy}, A. and {Brooks}, D. and {Burke}, D.~L. and 
    {Carnero Rosell}, A. and {Carrasco Kind}, M. and {Carretero}, J. and 
    {Cunha}, C.~E. and {da Costa}, L.~N. and {DePoy}, D.~L. and 
    {Desai}, S. and {Diehl}, H.~T. and {Eifler}, T.~F. and {Fernandez}, E. and 
    {Fosalba}, P. and {Frieman}, J. and {Garc{\'{\i}}a-Bellido}, J. and 
    {Gerdes}, D.~W. and {Gruen}, D. and {Gruendl}, R.~A. and {Gschwend}, J. and 
    {Gutierrez}, G. and {Honscheid}, K. and {James}, D.~J. and {Kent}, S. and 
    {Krause}, E. and {Kuehn}, K. and {Kuropatkin}, N. and {Li}, T.~S. and 
    {Maia}, M.~A.~G. and {March}, M. and {Marshall}, J.~L. and {Menanteau}, F. and 
    {Miquel}, R. and {Ogando}, R.~L.~C. and {Reil}, K. and {Roodman}, A. and 
    {Rykoff}, E.~S. and {Sanchez}, E. and {Scarpine}, V. and {Schindler}, R. and 
    {Schubnell}, M. and {Sevilla-Noarbe}, I. and {Smith}, M. and 
    {Smith}, R.~C. and {Soares-Santos}, M. and {Sobreira}, F. and 
    {Suchyta}, E. and {Swanson}, M.~E.~C. and {Tarle}, G. and {DES Collaboration}
    },
    title = "{Astrometric Calibration and Performance of the Dark Energy Camera}",
  journal = {\pasp},
archivePrefix = "arXiv",
   eprint = {1703.01679},
 primaryClass = "astro-ph.IM",
     year = 2017,
    month = jul,
   volume = 129,
   number = 7,
    pages = {074503},
      doi = {10.1088/1538-3873/aa6c55},
   adsurl = {http://adsabs.harvard.edu/abs/2017PASP..129g4503B},
  adsnote = {Provided by the SAO/NASA Astrophysics Data System}
}

@ARTICLE{2013ApJS..205...20M,
   author = {{Magnier}, E.~A. and {Schlafly}, E. and {Finkbeiner}, D. and 
    {Juric}, M. and {Tonry}, J.~L. and {Burgett}, W.~S. and {Chambers}, K.~C. and 
    {Flewelling}, H.~A. and {Kaiser}, N. and {Kudritzki}, R.-P. and 
    {Morgan}, J.~S. and {Price}, P.~A. and {Sweeney}, W.~E. and 
    {Stubbs}, C.~W.},
    title = "{The Pan-STARRS 1 Photometric Reference Ladder, Release 12.01}",
  journal = {\apjs},
archivePrefix = "arXiv",
   eprint = {1303.3634},
 primaryClass = "astro-ph.IM",
 keywords = {catalogs, instrumentation: photometers, standards, surveys: PS1, techniques: photometric},
     year = 2013,
    month = apr,
   volume = 205,
      eid = {20},
    pages = {20},
      doi = {10.1088/0067-0049/205/2/20},
   adsurl = {http://adsabs.harvard.edu/abs/2013ApJS..205...20M},
  adsnote = {Provided by the SAO/NASA Astrophysics Data System}
}

@ARTICLE{2008ApJ...674.1217P,
   author = {{Padmanabhan}, N. and {Schlegel}, D.~J. and {Finkbeiner}, D.~P. and 
    {Barentine}, J.~C. and {Blanton}, M.~R. and {Brewington}, H.~J. and 
    {Gunn}, J.~E. and {Harvanek}, M. and {Hogg}, D.~W. and {Ivezi{\'c}}, {\v Z}. and 
    {Johnston}, D. and {Kent}, S.~M. and {Kleinman}, S.~J. and {Knapp}, G.~R. and 
    {Krzesinski}, J. and {Long}, D. and {Neilsen}, Jr., E.~H. and 
    {Nitta}, A. and {Loomis}, C. and {Lupton}, R.~H. and {Roweis}, S. and 
    {Snedden}, S.~A. and {Strauss}, M.~A. and {Tucker}, D.~L.},
    title = "{An Improved Photometric Calibration of the Sloan Digital Sky Survey Imaging Data}",
  journal = {\apj},
   eprint = {astro-ph/0703454},
 keywords = {techniques: photometric },
     year = 2008,
    month = feb,
   volume = 674,
      eid = {1217-1233},
    pages = {1217-1233},
      doi = {10.1086/524677},
   adsurl = {http://adsabs.harvard.edu/abs/2008ApJ...674.1217P},
  adsnote = {Provided by the SAO/NASA Astrophysics Data System}
}

