

@ARTICLE{1960AN....285..233E,
    author = "{Eichhorn}, H.",
    title = {{{\"U}ber die Reduktion von photographischen Sternpositionen und Eigenbewegungen}},
    journal = "Astronomische Nachrichten",
    year = "1960",
    month = "August",
    volume = "285",
    pages = "233",
    doi = "10.1002/asna.19592850507",
    adsurl = "https://ui.adsabs.harvard.edu/abs/1960AN....285..233E",
    adsnote = "Provided by the SAO/NASA Astrophysics Data System"
}

@INPROCEEDINGS{2006ASPC..351..112B,
    author = "{Bertin}, E.",
    editor = "{Gabriel}, C. and {Arviset}, C. and {Ponz}, D. and {Enrique}, S.",
    title = "{Automatic Astrometric and Photometric Calibration with SCAMP}",
    booktitle = "Astronomical Data Analysis Software and Systems XV",
    year = "2006",
    series = "Astronomical Society of the Pacific Conference Series",
    volume = "351",
    month = "July",
    pages = "112",
    adsurl = "https://ui.adsabs.harvard.edu/abs/2006ASPC..351..112B",
    adsnote = "Provided by the SAO/NASA Astrophysics Data System"
}

@ARTICLE{2008ApJ...674.1217P,
    author = "{Padmanabhan}, Nikhil and {Schlegel}, David J. and {Finkbeiner}, Douglas P. and {Barentine}, J. C. and {Blanton}, Michael R. and {Brewington}, Howard J. and {Gunn}, James E. and {Harvanek}, Michael and {Hogg}, David W. and {Ivezi{\'c}}, {\v{Z}}eljko and {Johnston}, David and {Kent}, Stephen M. and {Kleinman}, S. J. and {Knapp}, Gillian R. and {Krzesinski}, Jurek and {Long}, Dan and {Neilsen}, Jr., Eric H. and {Nitta}, Atsuko and {Loomis}, Craig and {Lupton}, Robert H. and {Roweis}, Sam and {Snedden}, Stephanie A. and {Strauss}, Michael A. and {Tucker}, Douglas L.",
    title = "{An Improved Photometric Calibration of the Sloan Digital Sky Survey Imaging Data}",
    journal = "\apj",
    keywords = "techniques: photometric, Astrophysics",
    year = "2008",
    month = "February",
    volume = "674",
    number = "2",
    pages = "1217-1233",
    doi = "10.1086/524677",
    archivePrefix = "arXiv",
    eprint = "astro-ph/0703454",
    primaryClass = "astro-ph",
    adsurl = "https://ui.adsabs.harvard.edu/abs/2008ApJ...674.1217P",
    adsnote = "Provided by the SAO/NASA Astrophysics Data System"
}

@ARTICLE{2013ApJS..205...20M,
    author = "{Magnier}, E. A. and {Schlafly}, E. and {Finkbeiner}, D. and {Juric}, M. and {Tonry}, J. L. and {Burgett}, W. S. and {Chambers}, K. C. and {Flewelling}, H. A. and {Kaiser}, N. and {Kudritzki}, R. -P. and {Morgan}, J. S. and {Price}, P. A. and {Sweeney}, W. E. and {Stubbs}, C. W.",
    title = "{The Pan-STARRS 1 Photometric Reference Ladder, Release 12.01}",
    journal = "\apjs",
    keywords = "catalogs, instrumentation: photometers, standards, surveys: PS1, techniques: photometric, Astrophysics - Instrumentation and Methods for Astrophysics",
    year = "2013",
    month = "April",
    volume = "205",
    number = "2",
    eid = "20",
    pages = "20",
    doi = "10.1088/0067-0049/205/2/20",
    archivePrefix = "arXiv",
    eprint = "1303.3634",
    primaryClass = "astro-ph.IM",
    adsurl = "https://ui.adsabs.harvard.edu/abs/2013ApJS..205...20M",
    adsnote = "Provided by the SAO/NASA Astrophysics Data System"
}

